<?xml version="1.0" encoding="UTF-8"?><collection xmlns="http://www.loc.gov/MARC21/slim"><record><leader>00620nam--2200169-i-4500</leader><controlfield tag="001">000007620</controlfield><controlfield tag="002">20161230</controlfield><controlfield tag="005">20161230201027</controlfield><controlfield tag="008">060222s1000------------r-----000-0-eng-d</controlfield><datafield ind1=" " ind2=" " tag="040"><subfield code="a">IFIN-HH</subfield></datafield><datafield ind1="1" ind2=" " tag="100"><subfield code="a">Leeuw, J.H.De</subfield></datafield><datafield ind1="1" ind2="0" tag="245"><subfield code="a">Rarefied gas dynamics</subfield><subfield code="b">Proceedings of the Forth International Symposium on Rarefied Gas Dynamics, Held at the Institute for Aerospace Studies, University of Toronto, 1964. Volume I. Supplement 3</subfield><subfield code="c">J.H. de Leeuw (Ed.)</subfield></datafield><datafield ind1=" " ind2=" " tag="260"><subfield code="a">New York, Academic Press, 1965</subfield></datafield><datafield ind1=" " ind2=" " tag="300"><subfield code="a">XIV+700P</subfield></datafield><datafield ind1=" " ind2=" " tag="490"><subfield code="a">Advances In Applied Mechanics</subfield></datafield><datafield ind1=" " ind2=" " tag="852"><subfield code="a">12045</subfield><subfield code="c">533.7</subfield></datafield><datafield ind1=" " ind2=" " tag="CAT"><subfield code="a">Sys</subfield><subfield code="c">20100915</subfield><subfield code="h">093757</subfield></datafield></record></collection>